@MANUAL{mpi-spec,
  title={MPI : A Message-Passing Interface Standard Version 3.0},
  organization={Message Passing Interface Fourm},
  year={2012},
  month={September}
}
@online{ulfm-site,
  author = {Fault tolerance working group},
  title = {Fault Tolerance Research Hub},
  note   = "\url{http://fault-tolerance.org/}",
  urldate = {2016-01-4}
}
