@MANUAL{mpi-spec,
  title={MPI : A Message-Passing Interface Standard Version 3.0},
  organization={Message Passing Interface Fourm},
  year={2012},
  month={September}
}
