@online{ulfm-site,
  author = {Fault tolerance working group},
  title = {Fault Tolerance Research Hub},
  note   = "\url{http://fault-tolerance.org/}",
  urldate = {2016-01-4}
}
